<record><leader>00000cas a22000007a 4500</leader><controlfield tag="001">21664867</controlfield><controlfield tag="008">900601d19611968mnuwr ne      0    0eng d</controlfield><datafield ind1=" " ind2=" " tag="010"><subfield code="a">sn 90059539 </subfield></datafield><datafield ind1=" " ind2=" " tag="040"><subfield code="a">MN#</subfield><subfield code="b">eng</subfield><subfield code="c">MN#</subfield><subfield code="d">OCLCQ</subfield><subfield code="d">OCLCF</subfield><subfield code="d">OCLCO</subfield></datafield><datafield ind1="1" ind2=" " tag="029"><subfield code="a">AU@</subfield><subfield code="b">000025886162</subfield></datafield><datafield ind1=" " ind2=" " tag="042"><subfield code="a">msc</subfield></datafield><datafield ind1=" " ind2=" " tag="043"><subfield code="a">n-us-mn</subfield></datafield><datafield ind1=" " ind2=" " tag="052"><subfield code="a">4144</subfield><subfield code="b">B5</subfield></datafield><datafield ind1=" " ind2=" " tag="052"><subfield code="a">4143</subfield><subfield code="b">H4</subfield></datafield><datafield ind1="0" ind2="4" tag="245"><subfield code="a">The Bloomington sun suburbanite.</subfield></datafield><datafield ind1="1" ind2="7" tag="246"><subfield code="a">Sun-suburbanite</subfield></datafield><datafield ind1=" " ind2=" " tag="260"><subfield code="a">Bloomington, Minn. :</subfield><subfield code="b">Suburbanite Publications,</subfield><subfield code="c">1961-1968.</subfield></datafield><datafield ind1=" " ind2=" " tag="300"><subfield code="a">6 v.</subfield></datafield><datafield ind1=" " ind2=" " tag="310"><subfield code="a">Weekly</subfield></datafield><datafield ind1="0" ind2=" " tag="362"><subfield code="a">Vol. 18, no. 9 (Mar. 2, 1961)-v. 23, no. 10 (Feb. 29, 1968).</subfield></datafield><datafield ind1=" " ind2=" " tag="530"><subfield code="a">Available on microfilm from the Minnesota Historical Society.</subfield></datafield><datafield ind1=" " ind2="0" tag="651"><subfield code="a">Bloomington (Minn.)</subfield><subfield code="v">Newspapers.</subfield></datafield><datafield ind1=" " ind2="7" tag="655"><subfield code="a">Newspapers.</subfield><subfield code="2">fast</subfield><subfield code="0">(OCoLC)fst01423814</subfield></datafield><datafield ind1=" " ind2="7" tag="651"><subfield code="a">Minnesota</subfield><subfield code="z">Bloomington.</subfield><subfield code="2">fast</subfield><subfield code="0">(OCoLC)fst01208348</subfield></datafield><datafield ind1=" " ind2=" " tag="752"><subfield code="a">United States</subfield><subfield code="b">Minnesota</subfield><subfield code="c">Hennepin</subfield><subfield code="d">Bloomington.</subfield></datafield><datafield ind1="0" ind2="4" tag="780"><subfield code="t">Bloomington sun (Bloomington, Minn. : 1955)</subfield><subfield code="w">(DLC)sn 90059780</subfield></datafield><datafield ind1="0" ind2="4" tag="780"><subfield code="t">Bloomington suburbanite</subfield><subfield code="w">(DLC)sn 90059782</subfield></datafield><datafield ind1="0" ind2="0" tag="785"><subfield code="t">Bloomington sun (Bloomington, Minn. : 1968)</subfield><subfield code="w">(DLC)sn 90059781</subfield></datafield></record>